<?xml version="1.0" encoding="UTF-8"?>
<collection xmlns:xsi="http://www.w3.org/2001/XMLSchema-instance" xsi:schemaLocation="http://www.loc.gov/MARC21/slim http://www.loc.gov/standards/marcxml/schema/MARC21slim.xsd" xmlns="http://www.loc.gov/MARC21/slim">
<record>
  <leader>00771cam a2200229 i 4500</leader>
  <controlfield tag="001">118842</controlfield>
  <controlfield tag="003">NNC</controlfield>
  <controlfield tag="005">20150710110533.0</controlfield>
  <controlfield tag="008">821124q19721973ir            000 0 ara d</controlfield>
  <datafield tag="035" ind1=" " ind2=" ">
    <subfield code="a">(OCoLC)42865799</subfield>
  </datafield>
  <datafield tag="035" ind1=" " ind2=" ">
    <subfield code="a">(OCoLC)ocm42865799</subfield>
  </datafield>
  <datafield tag="035" ind1=" " ind2=" ">
    <subfield code="a">(CStRLIN)NYCG82-B61592</subfield>
  </datafield>
  <datafield tag="035" ind1=" " ind2=" ">
    <subfield code="9">AAN6358CU</subfield>
  </datafield>
  <datafield tag="035" ind1=" " ind2=" ">
    <subfield code="a">(NNC)118842</subfield>
  </datafield>
  <datafield tag="040" ind1=" " ind2=" ">
    <subfield code="a">NNCV</subfield>
    <subfield code="c">NNC</subfield>
  </datafield>
  <datafield tag="090" ind1=" " ind2=" ">
    <subfield code="a">PJ6101</subfield>
    <subfield code="b">.F57 1972</subfield>
  </datafield>
  <datafield tag="100" ind1="1" ind2=" ">
    <subfield code="a">Fīrūzābādī, Murtaḍá al-Ḥusaynī,</subfield>
    <subfield code="d">1911-1990.</subfield>
  </datafield>
  <datafield tag="245" ind1="1" ind2="0">
    <subfield code="a">ʻInāyat al-uṣūl fī sharḥ kifāyat al-uṣūl /</subfield>
    <subfield code="c">bi-qalam Murtaḍá al-Ḥusaynī al-Fīrūzābādī.</subfield>
  </datafield>
  <datafield tag="250" ind1=" " ind2=" ">
    <subfield code="a">al-Ṭabʻah 2.</subfield>
  </datafield>
  <datafield tag="260" ind1=" " ind2=" ">
    <subfield code="a">Tihrān :</subfield>
    <subfield code="b">Dār al-Kutub al-Islāmīyah,</subfield>
    <subfield code="c">1392 [1972 or 1973]</subfield>
  </datafield>
  <datafield tag="300" ind1=" " ind2=" ">
    <subfield code="a">6 v. ;</subfield>
    <subfield code="c">25 cm.</subfield>
  </datafield>
  <datafield tag="650" ind1=" " ind2="0">
    <subfield code="a">Arabic language</subfield>
    <subfield code="x">Grammar.</subfield>
  </datafield>
  <datafield tag="955" ind1=" " ind2=" ">
    <subfield code="b">0036759856</subfield>
    <subfield code="d">glx</subfield>
    <subfield code="e">PJ6101 .F57 1972</subfield>
    <subfield code="v">v.2</subfield>
  </datafield>
</record>
</collection>